@article{diffie1976new,
  title={New directions in cryptography},
  author={Diffie, Whitfield and Hellman, Martin E},
  journal={Information Theory, IEEE Transactions on},
  volume={22},
  number={6},
  pages={644--654},
  year={1976},
  publisher={IEEE}
}

@inproceedings{DiRaimondo:2005:SOM:1102199.1102216,
 author = {Di Raimondo, Mario and Gennaro, Rosario and Krawczyk, Hugo},
 title = {Secure Off-the-record Messaging},
 booktitle = {Proceedings of the 2005 ACM Workshop on Privacy in the Electronic Society},
 series = {WPES '05},
 year = {2005},
 isbn = {1-59593-228-3},
 location = {Alexandria, VA, USA},
 pages = {81--89},
 numpages = {9},
 url = {http://doi.acm.org/10.1145/1102199.1102216},
 doi = {10.1145/1102199.1102216},
 acmid = {1102216},
 publisher = {ACM},
 address = {New York, NY, USA},
 keywords = {authentication, deniability, instant messaging, perfect forward secrecy},
} 

@misc{PidginEncryption,
  author = {Bill Tompkins},
  title = {Pidgin-Encryption},
  howpublished = {http://pidgin-encrypt.sourceforge.net/},
  note = {Accessed: 2014-12-08}
}

@misc{TwistedHomepage,
  author = {Twisted Matrix Labs},
  title = {Twisted Matrix},
  howpublished = {https://twistedmatrix.com/trac/},
  note = {Accessed: 2014-12-09}
}